@article{matlock2009third,
  title={Third generation of AHSS: microstructure design concepts},
  author={Matlock, David K and Speer, John G},
  journal={Microstructure and texture in steels},
  pages={185-205},
  year={2009},
  publisher={Springer}
}


@article{Fengge,
  title={Synthesis of high specific surface area silica aerogel from rice husk ash via ambient pressure drying.},
  author={Fengge Q et al.},
  journal={Colloids and Surfaces},
  pages={399-406},
  volume={539},
  year={2018},
  publisher={Elsevier}
}
@article{Pin,
  title={PRODUCTION OF SILICA GEL FROM RESIDUAL RICE HUSK ASH},
  author={Pinheiro {B}uas de {L}ima et al.},
  journal={Quim. Nova},
  pages={71-75},
  volume={34},
  year={2011},
}
@article{courbon,
  title={Further improvement of the synthesis of silica gel and ${C}a{C}l_2$ composites: Enhancement of energy storage density and stability over cycles for solar heat storage coupled with space heating applications},
  author={Courbon E. et al.},
  journal={Solar Energy},
  pages={532-541},
  volume={157},
  year={2017},
  publisher={Elsevier}
}

@patent{brevet,
title= {Hygroscopic composite material},
author={E., Courbon},
note={BE patent, WO2015/197788 A1},
year={2015}
}

@Thesis{Julie,
title = {Preparation and {C}haracterization of {S}ilica {A}erogel from {R}ice {H}usk {Ash}},
author = {J., Hellebuyck},
school = {Universit√© Libre de Bruxelles and Vrije Universiteit Brussel},
year = {2016}}

